@book{pedrotti,
  title = {Introduction to Optics},
  author = {Frank L. Pedrotti and Leno S. Pedrotti},
  year = {1993},
  month = {04},
  day = {20},
  pagecount = {602},
  isbn = {9780135015452}
}
